@book{resnick1992adventures,
  title={Adventures in stochastic processes},
  author={Resnick, Sidney I},
  year={1992},
  publisher={Springer Science \& Business Media}
}

@book{paul2013stochastic,
  title={Stochastic Processes: From Physics to Finance},
  author={Paul, W. and Baschnagel, J.},
  isbn={9783319003276},
  url={https://books.google.com/books?id=OWANAAAAQBAJ},
  year={2013},
  publisher={Springer}
}

@book{einstein1956investigations,
  title={Investigations on the Theory of the Brownian Movement},
  author={Einstein, Albert},
  year={1956},
  publisher={Courier Corporation}
}

@article{alpaydin2010introduction,
  title={Introduction to Machine Learning, MIT Press},
  author={Alpaydin, E},
  journal={Cambridge, MA, USA},
  year={2010}
}

@article{hayes2013first,
  title={First links in the Markov chain},
  author={Hayes, Brian and others},
  journal={American Scientist},
  volume={101},
  number={2},
  pages={92},
  year={2013}
}

@article{yoon2009hidden,
  title={Hidden Markov Models and their Applications in Biological Sequence
         Analysis},
  author={Yoon, Byung-Jun},
  journal={Current Genomics},
  volume={10},
  number={6},
  pages={402--415},
  year={2009}
}

@online{stamp2012,
  title      = {A Revealing Introduction to Hidden Markov Models},
  author     = {{Stamp}, Mark},
  year       = {2012},
  url        = {http://www.cs.sjsu.edu/~stamp/RUA/HMM.pdf},
  urldate    = {2015-02-24}
}

@online{rabinerIEEE,
  title      = {First-Hand:The Hidden Markov Model},
  author     = {{Rabiner}, Lawrence},
  url        = {http://ethw.org/First-Hand:The_Hidden_Markov_Model},
  urldate    = {2015-03-11}
}